<record><leader>00000cas a22000007a 4500</leader><controlfield tag="001">469622180</controlfield><controlfield tag="008">091125d20092010dcuwr n       0   a0eng  </controlfield><datafield ind1=" " ind2=" " tag="010"><subfield code="a">  2009204436</subfield></datafield><datafield ind1=" " ind2=" " tag="040"><subfield code="a">DLC</subfield><subfield code="b">eng</subfield><subfield code="c">DLC</subfield><subfield code="d">DLC</subfield><subfield code="d">OCLCQ</subfield><subfield code="d">INU</subfield></datafield><datafield ind1=" " ind2=" " tag="012"><subfield code="l">a</subfield></datafield><datafield ind1="0" ind2=" " tag="022"><subfield code="a">2152-1417</subfield><subfield code="l">2152-1417</subfield><subfield code="2">1</subfield></datafield><datafield ind1=" " ind2=" " tag="037"><subfield code="b">TWB Employee Acquisition, LLC, Washington, DC</subfield></datafield><datafield ind1=" " ind2=" " tag="042"><subfield code="a">nsdp</subfield><subfield code="a">pcc</subfield></datafield><datafield ind1="0" ind2="0" tag="050"><subfield code="a">CURRENT ISSUES ONLY</subfield></datafield><datafield ind1="1" ind2="0" tag="082"><subfield code="a">305</subfield><subfield code="2">14</subfield></datafield><datafield ind1="0" ind2=" " tag="130"><subfield code="a">DC agenda (Print)</subfield></datafield><datafield ind1=" " ind2="0" tag="222"><subfield code="a">DC agenda</subfield><subfield code="b">(Print)</subfield></datafield><datafield ind1="1" ind2="0" tag="245"><subfield code="a">DC agenda.</subfield></datafield><datafield ind1="1" ind2="3" tag="246"><subfield code="a">D.C. agenda</subfield></datafield><datafield ind1="1" ind2="3" tag="246"><subfield code="a">DCagenda</subfield></datafield><datafield ind1=" " ind2=" " tag="260"><subfield code="a">[Washington, DC] :</subfield><subfield code="b">TWB Employee Acquisition,</subfield><subfield code="c">2009-2010.</subfield></datafield><datafield ind1=" " ind2=" " tag="300"><subfield code="a">2 v. :</subfield><subfield code="b">ill. ;</subfield><subfield code="c">28-32 cm.</subfield></datafield><datafield ind1=" " ind2=" " tag="310"><subfield code="a">Weekly</subfield></datafield><datafield ind1="1" ind2=" " tag="362"><subfield code="a">Began with vol. 1, issue 1 (Nov. 20, 2009); ceased with vol. 2, issue 17 (Apr. 23, 2010).</subfield></datafield><datafield ind1=" " ind2=" " tag="500"><subfield code="a">"The lgbtq community's news source."</subfield></datafield><datafield ind1=" " ind2=" " tag="580"><subfield code="a">Published during the hiatus of the Washington blade, which resumed publication on Apr. 30, 2010. Starting Apr. 30, 2010, DC agenda is continued inside Washington blade as its arts and entertainment guide.</subfield></datafield><datafield ind1=" " ind2=" " tag="588"><subfield code="a">Description based on first issue (surrogate); title from caption.</subfield></datafield><datafield ind1="0" ind2="8" tag="776"><subfield code="i">Online version:</subfield><subfield code="t">DC agenda (Online)</subfield><subfield code="x">2152-1425</subfield><subfield code="w">(DLC)  2009204437</subfield><subfield code="w">(OCoLC)469654676</subfield></datafield><datafield ind1="1" ind2=" " tag="787"><subfield code="t">Washington blade</subfield><subfield code="x">0278-9892</subfield><subfield code="w">(DLC)sn 81002355</subfield><subfield code="w">(OCoLC)7955665</subfield></datafield><datafield ind1="4" ind2="1" tag="856"><subfield code="u">http://dcagenda.com/</subfield></datafield></record>